  @Article{gentleman04,
    author = {Robert C Gentleman and Vincent J. Carey and Douglas M. Bates and others},
    title = {Bioconductor: Open software development for computational biology and bioinformatics},
    journal = {Genome Biology},
    volume = {5},
    year = {2004},
    pages = {R80},
    url = {http://genomebiology.com/2004/5/10/R80},
  }
  @Manual{sumner09,
    title = {trip: Spatial analysis of animal track data},
    author = {Michael D. Sumner},
    year = {2009},
    note = {R package version 1.1-2},
  }
  @Manual{ryan09,
    title = {xts: Extensible Time Series},
    author = {Jeffrey A. Ryan and Josh M. Ulrich},
    year = {2009},
    note = {R package version 0.6-7},
    url = {http://CRAN.R-project.org/package=xts},
  }
  @Manual{its09,
    title = {its: Irregular Time Series},
    author = {Portfolio and Risk Advisory Group and Commerzbank Securities},
    year = {2009},
    note = {R package version 1.1.8},
    url = {http://CRAN.R-project.org/package=its},
  }

  @Manual{ramsay09,
    title = {fda: Functional Data Analysis},
    author = {J. O. Ramsay and Hadley Wickham and Spencer Graves and Giles Hooker},
    year = {2009},
    note = {R package version 2.1.2},
    url = {http://CRAN.R-project.org/package=fda},
  }
  @Article{zeileis05,
    title = {zoo: S3 Infrastructure for Regular and Irregular Time Series},
    author = {Achim Zeileis and Gabor Grothendieck},
    journal = {Journal of Statistical Software},
    year = {2005},
    volume = {14},
    number = {6},
    pages = {1--27},
    url = {http://www.jstatsoft.org/v14/i06/},
  }
  @Manual{furrer09,
    title = {fields: Tools for spatial data},
    author = {Reinhard Furrer and Douglas Nychka and Stephen Sain},
    year = {2009},
    note = {R package version 5.02},
    url = {http://www.image.ucar.edu/Software/Fields},
  }
  @Article{ribeiro01,
    title = {geo{R}: a package for geostatistical analysis},
    author = {Paulo J. Ribeiro Jr and Peter J. Diggle},
    journal = {R-NEWS},
    year = {2001},
    month = {June},
    volume = {1},
    number = {2},
    pages = {14--18},
    note = {ISSN 1609-3631},
    url = {http://CRAN.R-project.org/doc/Rnews/},
  }
@Manual{finley09,
    title = {spBayes: Univariate and Multivariate Spatial Modeling},
    author = {Andrew O. Finley and Sudipto Banerjee and Bradley P. Carlin},
    year = {2009},
    note = {R package version 0.1-3},
    url = {http://CRAN.R-project.org/package=spBayes},
  }

@Manual{xie09,
    title = {animation: Demonstrate Animations in Statistics},
    author = {Yihui Xie},
    year = {2009},
    note = {R package version 1.0-4},
    url = {http://animation.yihui.name},
  }
  @Article{pebesma05,
    author = {Edzer J. Pebesma and Roger S. Bivand},
    title = {Classes and methods for spatial data in {R}},
    journal = {R News},
    year = {2005},
    volume = {5},
    number = {2},
    pages = {9--13},
    month = {November},
    url = {http://CRAN.R-project.org/doc/Rnews/},
  }
@book{banerjee2004hma,
  title={{Hierarchical modeling and analysis for spatial data}},
  author={Banerjee, S. and Carlin, B.P. and Gelfand, A.E.},
  year={2004},
  publisher={Chapman \& Hall/CRC}
}
